@INPROCEEDINGS{8737368,
	author={V. {Farhadi} and F. {Mehmeti} and T. {He} and others},
	booktitle={IEEE INFOCOM}, 
	title={Service Placement and Request Scheduling for Data-intensive Applications in Edge Clouds}, 
	year={2019},
	pages={1279-1287}
}

@INPROCEEDINGS{8567670,
	author={D. {Zhang} and Y. {Ma} and C. {Zheng} and others},
	booktitle={IEEE/ACM SEC}, 
	title={Cooperative-Competitive Task Allocation in Edge Computing for Delay-Sensitive Social Sensing}, 
	year={2018},
	pages={243-259}
}

@ARTICLE{8247219,
	author={B. {Yang} and W. K. {Chai} and Z. {Xu} and others},
	journal={IEEE Trans. Netw. Service Manag.}, 
	title={Cost-Efficient {NFV}-Enabled Mobile Edge-Cloud for Low Latency Mobile Applications}, 
	year={2018},
	volume={15},
	number={1},
	pages={475-488}
}

@ARTICLE{Spatio_temporal_TWC,
	author={L. {Chen} and J. {Xu} and S. {Ren} and P. {Zhou}},
	journal={IEEE Trans. Wireless Commun.}, 
	title={Spatio–Temporal Edge Service Placement: A Bandit Learning Approach}, 
	year={2018},
	volume={17},
	number={12},
	pages={8388-8401},
}

@ARTICLE{minh_tnsm_20,
	author={M. {Nguyen} and M. {Dolati} and M. {Ghaderi}},
	journal={IEEE TNSM}, 
	title={Deadline-Aware {SFC} Orchestration Under Demand Uncertainty}, 
	year={2020},
	volume={17},
	number={4},
	pages={2275-2290},
}

@inbook{qin_ccb,
author = {Lijing Qin and Shouyuan Chen and Xiaoyan Zhu},
title = {Contextual Combinatorial Bandit and its Application on Diversified Online Recommendation},
booktitle = {Proc. SIAM International Conference on Data Mining},
chapter = {},
pages = {461-469}
}

@ARTICLE{Wei_IoTJ_2019,
  author={Y. {Wei} and F. R. {Yu} and M. {Song} and Z. {Han}},
  journal={IEEE Internet of Things Journal}, 
  title={Joint Optimization of Caching, Computing, and Radio Resources for Fog-Enabled IoT Using Natural Actor–Critic Deep Reinforcement Learning}, 
  year={2019},
  volume={6},
  number={2},
  pages={2061-2073},
}

@inproceedings{ontanon2013combinatorial,
  title={The combinatorial multi-armed bandit problem and its application to real-time strategy games},
  author={Ontan{\'o}n, Santiago},
  booktitle={Proc. Ninth Artificial Intelligence and Interactive Digital Entertainment Conference},
  year={2013}
}

@inproceedings{alizadeh2014conga,
  title={CONGA: Distributed congestion-aware load balancing for datacenters},
  author={Alizadeh, Mohammad and Edsall, Tom and Dharmapurikar, Sarang and Vaidyanathan, Ramanan and Chu, Kevin and Fingerhut, Andy and Matus, Francis and Pan, Rong and Yadav, Navindra and Varghese, George and others},
  booktitle={Proc. ACM SIGCOMM},
  volume={44},
  number={4},
  pages={503--514},
  year={2014},
  organization={ACM}
}

@article{article,
author = {Henri, Sébastien and Vlachou, Christina and Thiran, Patrick},
year = {2018},
month = {07},
pages = {1-14},
title = {Multi-Armed Bandit in Action: Optimizing Performance in Dynamic Hybrid Networks},
volume = {PP},
journal = {IEEE/ACM Transactions on Networking},
doi = {10.1109/TNET.2018.2856302}
}

@article{auer2002finite,
  title={Finite-time analysis of the multiarmed bandit problem},
  author={Auer, Peter and Cesa-Bianchi, Nicolo and Fischer, Paul},
  journal={Machine learning},
  volume={47},
  number={2-3},
  pages={235--256},
  year={2002},
  publisher={Springer}
}

@INPROCEEDINGS{8737560, 
author={T. {Ouyang} and R. {Li} and X. {Chen} and Z. {Zhou} and X. {Tang}}, 
booktitle={Proc. IEEE INFOCOM}, 
title={Adaptive User-managed Service Placement for Mobile Edge Computing: An Online Learning Approach}, 
year={2019}, 
volume={}, 
number={}, 
pages={1468-1476}, 
keywords={cloud computing;game theory;learning (artificial intelligence);mobile computing;optimisation;online learning approach;network edge;stringent service requirements;system-wide MEC service placement issues;personalized service performance optimization;adaptive user-managed service placement mechanism;user preferences;dynamic service placement problem;dynamic MEC environment;adaptive service placement decisions;mobile edge computing;cloud extension;cloud resource;network core;computation-intensive mobile application;contextual multiarmed bandit problem;contextual MAB problem;Servers;Delays;Task analysis;Heuristic algorithms;Base stations;Adaptive systems;Optimization}, 
doi={10.1109/INFOCOM.2019.8737560}, 
ISSN={0743-166X}, 
month={April},}

@ARTICLE{1049160, 
author={A. {Pasztor} and D. {Veitch}}, 
journal={IEEE Communications Letters}, 
title={On the scope of end-to-end probing methods}, 
year={2002}, 
volume={6}, 
number={11}, 
pages={509-511}, 
doi={10.1109/LCOMM.2002.805522}, 
ISSN={2373-7891}, 
month={Nov},}

@INPROCEEDINGS{koMON, 
author={S. {Geissler} and S. {Lange} and F. {Wamser} and T. {Zinner} and T. {Hoßfeld}}, 
booktitle={Proc. International Conference on Networked Systems (NetSys)}, 
title={KOMon — Kernel-based Online Monitoring of VNF Packet Processing Times}, 
year={2019}, 
volume={}, 
number={}, 
pages={1-8},  
doi={10.1109/NetSys.2019.8854514}, 
ISSN={null}, 
month={March},}

  @inproceedings{10.1145/347059.347557,
 author = {Lai, Kevin and Baker, Mary},
 title = {Measuring Link Bandwidths Using a Deterministic Model of Packet Delay},
 year = {2000},
 isbn = {1581132239},
 publisher = {Association for Computing Machinery},
 address = {New York, NY, USA},
 doi = {10.1145/347059.347557},
 booktitle = {Proc. Conference on Applications, Technologies, Architectures, and Protocols for Computer Communication},
 pages = {283–294},
 numpages = {12},
 location = {Stockholm, Sweden},
 series = {SIGCOMM ’00}
}


@INPROCEEDINGS{proative, 
author={M. {Nguyen} and M. {Dolati} and M. {Ghaderi}}, 
booktitle={Proc. IEEE Conference on Network Softwarization (NetSoft)}, 
title={Proactive Service Orchestration with Deadline}, 
year={2019}, 
volume={}, 
number={}, 
pages={369-377}, 
doi={10.1109/NETSOFT.2019.8806703}, 
ISSN={null}, 
month={June},}

@inproceedings{vswitch,
author = {Zhao, Yimeng and Saeed, Ahmed and Ammar, Mostafa and Zegura, Ellen},
year = {2019},
month = {10},
pages = {1-11},
title = {Unison: Enabling Content Provider/ISP Collaboration using a vSwitch Abstraction},
doi = {10.1109/ICNP.2019.8888032}
}

@article{zhang2020nfv,
	title={Nfv platform design: A survey},
	author={Zhang, Tianzhu},
	journal={arXiv e-prints},
	pages={arXiv--2002},
	year={2020}
}

@online{gurobi,
  author = "Gurobi Optimization, LLC",
  title = "Gurobi Optimizer Reference Manual",
  year = 2019,
  url = "http://www.gurobi.com",
}

@online{CPLEX,
  title = "CPLEX",
  year = 2019,
  url = "http://www.gurobi.com",
}

@inproceedings{dynamic,
author = {Cziva, Richard and Anagnostopoulos, Christos and Pezaros, Dimitrios},
year = {2018},
month = {01},
pages = {},
title = {Dynamic, Latency-Optimal vNF Placement at the Network Edge},
doi = {10.1109/INFOCOM.2018.8486021)}
}

@ARTICLE{visualcomputing, 
author={R. {Gargees} and B. {Morago} and R. {Pelapur} and D. {Chemodanov} and P. {Calyam} and Z. {Oraibi} and Y. {Duan} and G. {Seetharaman} and K. {Palaniappan}}, 
journal={IEEE Transactions on Circuits and Systems for Video Technology}, 
title={Incident-Supporting Visual Cloud Computing Utilizing Software-Defined Networking}, 
year={2017}, 
volume={27}, 
number={1}, 
pages={182-197}, 
doi={10.1109/TCSVT.2016.2564898}, 
ISSN={1558-2205}, 
month={Jan}}

@article{pathchar,
author = {Downey, Allen},
year = {1999},
month = {08},
pages = {},
title = {Using pathchar to estimate Internet link characteristics},
volume = {29},
journal = {Computer Communication Review},
doi = {10.1145/316188.316228}
}

@misc{jacobson1997pathchar,
  title={Pathchar: A tool to infer characteristics of Internet paths},
  author={Jacobson, Van},
  year={1997}
}

@inproceedings{sfc,
  title={Specifying and placing chains of virtual network functions},
  author={Mehraghdam, Sevil and Keller, Matthias and Karl, Holger},
  booktitle={Proc. IEEE 3rd International Conference on Cloud Networking (CloudNet)},
  pages={7--13},
  year={2014},
  organization={IEEE}
}

@InProceedings{SLAM,
author="Yu, Curtis
and Lumezanu, Cristian
and Sharma, Abhishek
and Xu, Qiang
and Jiang, Guofei
and Madhyastha, Harsha V.",
editor="Mirkovic, Jelena
and Liu, Yong",
title="Software-Defined Latency Monitoring in Data Center Networks",
booktitle="Passive and Active Measurement",
year="2015",
publisher="Springer International Publishing",
address="Cham",
pages="360--372",
abstract="Data center network operators have to continually monitor path latency to quickly detect and re-route traffic away from high-delay path segments. Existing latency monitoring techniques in data centers rely on either (1) actively sending probes from end-hosts, which is restricted in some cases and can only measure end-to-end latencies, or (2) passively capturing and aggregating traffic on network devices, which requires hardware modifications.",
isbn="978-3-319-15509-8"
}

@INPROCEEDINGS{MABserviceplacement, 
author={T. {Ouyang} and R. {Li} and X. {Chen} and Z. {Zhou} and X. {Tang}}, 
booktitle={Proc. IEEE INFOCOM}, 
title={Adaptive User-managed Service Placement for Mobile Edge Computing: An Online Learning Approach}, 
year={2019}, 
volume={}, 
number={}, 
pages={1468-1476}, 
keywords={cloud computing;game theory;learning (artificial intelligence);mobile computing;optimisation;online learning approach;network edge;stringent service requirements;system-wide MEC service placement issues;personalized service performance optimization;adaptive user-managed service placement mechanism;user preferences;dynamic service placement problem;dynamic MEC environment;adaptive service placement decisions;mobile edge computing;cloud extension;cloud resource;network core;computation-intensive mobile application;contextual multiarmed bandit problem;contextual MAB problem;Servers;Delays;Task analysis;Heuristic algorithms;Base stations;Adaptive systems;Optimization}, 
doi={10.1109/INFOCOM.2019.8737560}, 
ISSN={0743-166X}, 
month={April},}


@INPROCEEDINGS{sfcgeo, 
author={D. {Chemodanov} and P. {Calyam} and F. {Esposito}}, 
booktitle={Proc. IEEE INFOCOM}, 
title={A Near Optimal Reliable Composition Approach for Geo-Distributed Latency-Sensitive Service Chains}, 
year={2019}, 
pages={1792-1800}, 
}

@ARTICLE{clusteredSFCplacement, 
author={Y. {Nam} and S. {Song} and J. {Chung}}, 
journal={IEEE Communications Letters}, 
title={Clustered NFV Service Chaining Optimization in Mobile Edge Clouds}, 
year={2017}, 
volume={21}, 
number={2}, 
pages={350-353}, 
keywords={cloud computing;mobile computing;mobile radio;virtualisation;clustered NFV service chaining optimization;mobile edge clouds;mobile edge computing services;MEC services;mobile communication radio access networks;mobile communication RAN;network function virtualization;cloud-computing functionality;cNSC scheme;NFV-enabled nodes;Mobile communication;Mobile computing;Analytical models;Optimization;Cloud computing;Network functions virtualization (NFV);mobile edge computing (MEC);service chain;clustering}, 
doi={10.1109/LCOMM.2016.2618788}, 
ISSN={2373-7891}, 
month={Feb},}

@Article{SFCedgecloud,
AUTHOR = {Leivadeas, Aris and Kesidis, George and Ibnkahla, Mohamed and Lambadaris, Ioannis},
TITLE = {VNF Placement Optimization at the Edge and Cloud †},
JOURNAL = {Future Internet},
VOLUME = {11},
YEAR = {2019},
NUMBER = {3},
ARTICLE-NUMBER = {69},
URL = {https://www.mdpi.com/1999-5903/11/3/69},
ISSN = {1999-5903},
DOI = {10.3390/fi11030069}
}

@article{SFCedgecomputingenablednetworks,
title = "Virtual network function placement and resource optimization in NFV and edge computing enabled networks",
journal = "Computer Networks",
volume = "152",
pages = "12 - 24",
year = "2019",
issn = "1389-1286",
doi = "https://doi.org/10.1016/j.comnet.2019.01.036",
author = "Defang Li and Peilin Hong and Kaiping Xue and Jianing Pei",
keywords = "Virtual network function placement, Edge computing, Resource optimization",
}

@INPROCEEDINGS{dynamicVNFedge, 
author={R. {Cziva} and C. {Anagnostopoulos} and D. P. {Pezaros}}, 
booktitle={Proc. IEEE INFOCOM}, 
title={Dynamic, Latency-Optimal vNF Placement at the Network Edge}, 
year={2018}, 
volume={}, 
number={}, 
pages={693-701}, 
keywords={Internet;quality of service;telecommunication scheduling;telecommunication traffic;virtual reality;virtualisation;end-to-end latency;context-aware services;dynamic placement scheduler;quality of service;latency violations;real-world ISP latency characteristics;simulated nation-wide backbone network;temporal network-wide latency fluctuations;optimal placement;distributed edge infrastructure;Edge vNF placement problem;user mobility patterns;constantly changing network dynamics;network conditions;core network;end users;virtualized network functions;in-network image processing;virtual reality;user-specific services;network Edge;latency-optimal vNF placement;Dynamic scheduling;Bandwidth;Topology;Conferences;Servers;Virtualization;Internet;Network Function Virtualization;Latency;Edge Network;Resource Orchestration;Optimal Stopping Theory}, 
doi={10.1109/INFOCOM.2018.8486021}, 
ISSN={null}, 
month={April},}

@inproceedings{VNFmonoedgecore,
  TITLE = {{VNF placement algorithms to address the mono- and multi-tenant issues in edge and core networks}},
  AUTHOR = {Morin, Cedric and Texier, G{\'e}raldine and Caillouet, Christelle and Desmangles, Gilles and Phan, Cao-Thanh},
 URL = {https://hal.archives-ouvertes.fr/hal-02313403},
  BOOKTITLE = {Proc. 8th IEEE CLOUDNET},
  ADDRESS = {Coimbra, Portugal},
  YEAR = {2019},
  MONTH = Nov,
  KEYWORDS = {mono-tenant architecture ; multi- tenant architecture ; VNF placement optimization},
  PDF = {https://hal.archives-ouvertes.fr/hal-02313403/file/1570576684%20%282%29.pdf},
  HAL_ID = {hal-02313403},
  HAL_VERSION = {v1},
}

@article{ProbabilisticQoSEdge,
  author    = {Antonio Brogi and
               Stefano Forti and
               Federica Paganelli},
  title     = {Probabilistic QoS-aware Placement of {VNF} chains at the Edge},
  journal   = {CoRR},
  volume    = {abs/1906.00197},
  year      = {2019},
  archivePrefix = {arXiv},
  eprint    = {1906.00197},
  timestamp = {Thu, 13 Jun 2019 13:36:00 +0200},
}

@INPROCEEDINGS{LatencyAwareMEC, 
author={D. {Harris} and J. {Naor} and D. {Raz}}, 
booktitle={Proc. IEEE Conference on Network Softwarization and Workshops (NetSoft)}, 
title={Latency Aware Placement in Multi-access Edge Computing}, 
year={2018}, 
volume={}, 
number={}, 
pages={132-140}, 
keywords={cellular radio;mobile computing;resource allocation;virtualisation;multiaccess Edge Computing;Multiaccess Edge Computing;network architecture;network services;cellular base stations;wireless networks;latency sensitive services;Virtual Network Functions Placement;network location;Latency Aware Placement;Approximation algorithms;Conferences;Edge computing;Servers;Cloud computing;Resource management;Base stations}, 
doi={10.1109/NETSOFT.2018.8459997}, 
ISSN={null}, 
month={June},}

@inproceedings{PosterMEC,
author = {Wang, Meng and Cheng, Bo and Chen, Junliang},
title = {Poster: A Linear Programming Approach for SFC Placement in Mobile Edge Computing},
year = {2019},
isbn = {9781450361699},
publisher = {Association for Computing Machinery},
address = {New York, NY, USA},
doi = {10.1145/3300061.3343394},
booktitle = {Proc. 25th Annual International Conference on Mobile Computing and Networking},
articleno = {Article 99},
numpages = {3},
keywords = {mec, sfc, nfv, placement, linear programming},
location = {Los Cabos, Mexico},
series = {MobiCom ’19}
}

@inproceedings{chen2013combinatorial,
  title={Combinatorial multi-armed bandit: General framework and applications},
  author={Chen, Wei and Wang, Yajun and Yuan, Yang},
  booktitle={Proc. International Conference on Machine Learning},
  pages={151--159},
  year={2013}
}

@ARTICLE{VNFplacementCDNslicing, 
author={I. {Benkacem} and T. {Taleb} and M. {Bagaa} and H. {Flinck}}, 
journal={IEEE Journal on Selected Areas in Communications}, 
title={Optimal VNFs Placement in CDN Slicing Over Multi-Cloud Environment}, 
year={2018}, 
volume={36}, 
number={3}, 
pages={616-627}, 
doi={10.1109/JSAC.2018.2815441}, 
ISSN={1558-0008}, 
month={March},}

@article{VNF5G,
title = "User mobility and Quality-of-Experience aware placement of Virtual Network Functions in 5G",
journal = "Computer Communications",
volume = "150",
pages = "367 - 377",
year = "2020",
author = "Palash Roy and Anika Tahsin and Sujan Sarker and Tamal Adhikary and Md. Abdur Razzaque and Mohammad Mehedi Hassan"
}

@INPROCEEDINGS{QPlacement, 
author={Z. {Zhang} and L. {Ma} and K. K. {Leung} and L. {Tassiulas} and J. {Tucker}}, 
booktitle={Proc. IEEE 38th International Conference on Distributed Computing Systems (ICDCS)}, 
title={Q-Placement: Reinforcement-Learning-Based Service Placement in Software-Defined Networks}, 
year={2018}, 
volume={}, 
number={}, 
pages={1527-1532}, 
keywords={learning (artificial intelligence);optimisation;software defined networking;telecommunication network topology;optimization techniques;Q-placement;convergence rate;reinforcement-learning-based algorithm;average accumulated service costs;service placement problem;controller scalability;network performance;control plane;SDN controller;data plane;software-defined networking paradigm;reinforcement-learning-based service placement;service planning tasks;network topological properties;real networks;synthetic networks;performance-tuneable optimization;Control systems;Network topology;Scalability;Optimization;Electronic mail;Task analysis;Decision making;SDN;reinforcement learning;service placement;q learning}, 
doi={10.1109/ICDCS.2018.00159}, 
ISSN={2575-8411}, 
month={July},}

@ARTICLE{deepRSDN, 
author={J. {Pei} and P. {Hong} and M. {Pan} and J. {Liu} and J. {Zhou}}, 
journal={IEEE Journal on Selected Areas in Communications}, 
title={Optimal VNF Placement via Deep Reinforcement Learning in SDN/NFV-Enabled Networks}, 
year={2020}, 
volume={38}, 
number={2}, 
pages={263-278}, 
keywords={Software-defined networking;network function virtualization;VNF placement;deep reinforcement learning}, 
doi={10.1109/JSAC.2019.2959181}, 
ISSN={1558-0008}, 
month={Feb},}

@article{learningbasedvnf,
author = {Ghobaei-Arani, Mostafa and Rahmanian, Ali Asghar and Shamsi, Mahboubeh and Rasouli-Kenari, Abdolreza},
title = {A learning-based approach for virtual machine placement in cloud data centers},
journal = {International Journal of Communication Systems},
volume = {31},
number = {8},
pages = {e3537},
keywords = {cloud computing, energy consumption, learning automata, virtual machine placement, virtualization},
doi = {10.1002/dac.3537},
eprint = {https://onlinelibrary.wiley.com/doi/pdf/10.1002/dac.3537},
note = {e3537 IJCS-17-0421.R1},
abstract = {Summary In recent years, the increasing use of cloud services has led to the growth and importance of developing cloud data centers. One of the challenging issues in the cloud environments is high energy consumption in data centers, which has been ignored in the corporate competition for developing cloud data centers. The most important problems of using large cloud data centers are high energy costs and greenhouse gas emission. So, researchers are now struggling to find an effective approach to decreasing energy consumption in cloud data centers. One of the preferred techniques for reducing energy consumption is the virtual machines (VMs) placement. In this paper, we present a VM allocation algorithm to reduce energy consumption and Service Level Agreement Violation (SLAV). The proposed algorithm is based on best-fit decreasing algorithm, which uses learning automata theory, correlation coefficient, and ensemble prediction algorithm to make better decisions in VM allocation. The experimental results indicated improvement regarding energy consumption and SLAV, compared with well-familiar baseline VM allocation algorithms.},
year = {2018}
}


@inproceedings{SFCGeoapplication,
author = {Chemodanov, Dmitrii and Calyam, Prasad and Esposito, Flavio},
year = {2019},
month = {04},
pages = {},
title = {A Near Optimal Reliable Composition Approach for Geo-Distributed Latency-Sensitive Service Chains}
}

@INPROCEEDINGS{ScaRL,
author={Q. {Jin} and S. {Ge} and J. {Zeng} and X. {Zhou} and T. {Qiu}},
booktitle={Proc. Seventh International Conference on Advanced Cloud and Big Data (CBD)},
title={ScaRL: Service Function Chain Allocation Based on Reinforcement Learning in Mobile Edge Computing},
year={2019},
volume={},
number={},
pages={327-332},
keywords={integer programming;learning (artificial intelligence);linear programming;mobile computing;quality of experience;virtualisation;processing latency;transmission latency;exploration-exploitation ability;QoE guarantee;quality of experience;integer linear program problem;edge servers;computing resources;cloud computing;SFC-A;MEC;Network Function Virtualization;mobile edge computing;reinforcement learning;service function chain allocation;SFC requests;ScaRL;Servers;Learning (artificial intelligence);Quality of experience;Bandwidth;Cloud computing;Heuristic algorithms;Base stations;Network Function Virtualization;Mobile Edge Computing;Integer Linear Programming;Service Function Chain;Reinforcement Learning},
doi={10.1109/CBD.2019.00065},
ISSN={null},
month={Sep.},}

@inproceedings{dpvnf,
author = {Ghribi, Chaima and Mechtri, Marouen and Zeghlache, Djamal},
year = {2016},
month = {12},
pages = {19-24},
title = {A Dynamic Programming Algorithm for Joint VNF Placement and Chaining},
doi = {10.1145/3010079.3010083}
}

@INPROCEEDINGS{mininetwifi,  author={R. R. {Fontes} and S. {Afzal} and S. H. B. {Brito} and M. A. S. {Santos} and C. E. {Rothenberg}},  booktitle={Proc. 11th International Conference on Network and Service Management (CNSM)},   title={Mininet-WiFi: Emulating software-defined wireless networks},   year={2015},  volume={},  number={},  pages={384-389},}


@book{flask,
author = {Grinberg, Miguel},
title = {Flask Web Development: Developing Web Applications with Python},
year = {2014},
isbn = {1449372627},
publisher = {O’Reilly Media, Inc.},
edition = {1st}
}
  
@inproceedings{referencepoint,
author = {Hong, Xiaoyan and Gerla, Mario and Pei, Guangyu and Chiang, Ching-Chuan},
title = {A Group Mobility Model for Ad Hoc Wireless Networks},
year = {1999},
isbn = {1581131739},
publisher = {Association for Computing Machinery},
address = {New York, NY, USA},
doi = {10.1145/313237.313248},
booktitle = {Proc. 2nd ACM International Workshop on Modeling, Analysis and Simulation of Wireless and Mobile Systems},
pages = {53–60},
numpages = {8},
location = {Seattle, Washington, USA},
series = {MSWiM ’99}
}
  
@MISC{gm,
	year = {2010},
	journal = {International Telemetering Conference Proceedings},
	author = {Broyles, Dan and Jabbar, Abdul},
	issn = {0884-5123},
	title = {Design and Analysis of a 3-D Gauss-Markov Model for Highly Dynamic Airborne Networks},
	publisher = {International Foundation for Telemetering},
}


@INPROCEEDINGS{TVC,
  author={W. -. {Hsu} and T. {Spyropoulos} and K. {Psounis} and A. {Helmy}},
  booktitle={Proc. IEEE INFOCOM}, 
  title={Modeling Time-Variant User Mobility in Wireless Mobile Networks}, 
  year={2007},
  volume={},
  number={},
  pages={758-766},}
  
@article{rwp,
    author = {Hyyti\"{a}, Esa and Virtamo, Jorma},
    title = {Random Waypoint Mobility Model in Cellular Networks},
    year = {2007},
    issue_date = {April 2007},
    publisher = {Springer-Verlag},
    address = {Berlin, Heidelberg},
    volume = {13},
    number = {2},
    issn = {1022-0038},
    doi = {10.1007/s11276-006-4600-3},
    journal = {Wirel. Netw.},
    month = apr,
    pages = {177–188},
    numpages = {12},
    keywords = {mobility modelling, cellular networks, random waypoint model, handovers}
}
  
@online{UCB,
  author = {samishawl},
  title = {Upper Confidence Bound Algorithm in Reinforcement Learning},
  year = 2020,
  url = {https://www.geeksforgeeks.org/upper-confidence-bound-algorithm-in-reinforcement-learning/},
  urldate = {2020-02-08}
}

@INPROCEEDINGS{Delay-awareVNFFlexibleResourceAllocation,  author={A. {Alleg} and T. {Ahmed} and M. {Mosbah} and R. {Riggio} and R. {Boutaba}},  booktitle={Proc. 13th International Conference on Network and Service Management (CNSM)},   title={Delay-aware VNF placement and chaining based on a flexible resource allocation approach},   year={2017},  volume={},  number={},  pages={1-7},}

@INPROCEEDINGS{specifyVNF,  author={S. {Mehraghdam} and M. {Keller} and H. {Karl}},  booktitle={Proc. IEEE 3rd International Conference on Cloud Networking (CloudNet)},   title={Specifying and placing chains of virtual network functions},   year={2014},  volume={},  number={},  pages={7-13},}

@ARTICLE{Mobility-Aware,  author={T. {Ouyang} and Z. {Zhou} and X. {Chen}},  journal={IEEE Journal on Selected Areas in Communications},   title={Follow Me at the Edge: Mobility-Aware Dynamic Service Placement for Mobile Edge Computing},   year={2018},  volume={36},  number={10},  pages={2333-2345},}

@ARTICLE{MEC5g,  author={Y. {Yu}},  journal={China Communications},   title={Mobile edge computing towards 5G: Vision, recent progress, and open challenges},   year={2016},  volume={13},  number={Supplement2},  pages={89-99},}

@InProceedings{MABclassic,
author="Vermorel, Joann{\`e}s
and Mohri, Mehryar",
editor="Gama, Jo{\~a}o
and Camacho, Rui
and Brazdil, Pavel B.
and Jorge, Al{\'i}pio M{\'a}rio
and Torgo, Lu{\'i}s",
title="Multi-armed Bandit Algorithms and Empirical Evaluation",
booktitle="Proc. Machine Learning: ECML",
year="2005",
publisher="Springer Berlin Heidelberg",
address="Berlin, Heidelberg",
pages="437--448",
abstract="The multi-armed bandit problem for a gambler is to decide which arm of a K-slot machine to pull to maximize his total reward in a series of trials. Many real-world learning and optimization problems can be modeled in this way. Several strategies or algorithms have been proposed as a solution to this problem in the last two decades, but, to our knowledge, there has been no common evaluation of these algorithms.",
isbn="978-3-540-31692-3"
}

@incollection{ccmab,
title = {Contextual Combinatorial Multi-armed Bandits with Volatile Arms and Submodular Reward},
author = {Chen, Lixing and Xu, Jie and Lu, Zhuo},
booktitle = {Advances in Neural Information Processing Systems 31},
editor = {S. Bengio and H. Wallach and H. Larochelle and K. Grauman and N. Cesa-Bianchi and R. Garnett},
pages = {3247--3256},
year = {2018},
publisher = {Curran Associates, Inc.},
}

@INPROCEEDINGS{classicgreedy,  author={ {Fangxin Wang} and  {Ruilin Ling} and J. {Zhu} and D. {Li}},  booktitle={Proc. IEEE 34th International Performance Computing and Communications Conference (IPCCC)},   title={Bandwidth guaranteed virtual network function placement and scaling in datacenter networks},   year={2015},  volume={},  number={},  pages={1-8},}

@unpublished{nfv_wp,
  added-at = {2016-04-12T12:08:34.000+0200},
  author = {Paper, NFV White},
  comment = {SDN and OpenFlow World Congress},
  institution = {ETSI},
  interhash = {982d06a0d6565611f4a56b6a194d5de8},
  intrahash = {af88fcf004d54bbcc23d951d64b3f82d},
  keywords = {nfv},
  month = oct,
  timestamp = {2016-04-12T12:08:34.000+0200},
  title = {Network Functions Virtualisation: An Introduction, Benefits, Enablers, Challenges & Call for Action. Issue 1},
  year = 2012
}

@article{sdnmec,
author = {Jararweh, Yaser and Alsmirat, Mohammad and Al-Ayyoub, Mahmoud and Benkhelifa, Elhadj and Darabseh, Ala and Gupta, B B and Al-Doulat, Ahmad},
year = {2017},
month = {10},
pages = {},
title = {Software-Defined System Support for Enabling Ubiquitous Mobile Edge Computing},
volume = {60},
journal = {The Computer Journal},
doi = {10.1093/comjnl/bxx019}
}

@inproceedings{appvideoanalytics1,
author = {Hong, Kirak and Lillethun, David and Ramachandran, Umakishore and Ottenwälder, Beate and Koldehofe, Boris},
year = {2013},
month = {08},
pages = {15-20},
title = {Mobile Fog: A Programming Model for Large-Scale Applications on the Internet of Things},
doi = {10.1145/2491266.2491270}
}

@INPROCEEDINGS{apphealthcare1,  author={ {Yu Cao} and  {Songqing Chen} and  {Peng Hou} and D. {Brown}},  booktitle={Proc. IEEE International Conference on Networking, Architecture and Storage (NAS)},   title={FAST: A fog computing assisted distributed analytics system to monitor fall for stroke mitigation},   year={2015},  volume={},  number={},  pages={2-11},}

@article{apphealthcare2,
  author    = {Amir Vahid Dastjerdi and
               Harshit Gupta and
               Rodrigo N. Calheiros and
               Soumya K. Ghosh and
               Rajkumar Buyya},
  title     = {Fog Computing: Principles, Architectures, and Applications},
  journal   = {CoRR},
  volume    = {abs/1601.02752},
  year      = {2016},
  archivePrefix = {arXiv},
  eprint    = {1601.02752},
  timestamp = {Mon, 13 Aug 2018 16:47:25 +0200},
}

@inproceedings{appmobilebigdata1,
author = {Laurila, Juha and Gatica-Perez, Daniel and Aad, Imad and Blom, Jan and Bornet, Olivier and Do, T.-M.-T and Dousse, Olivier and Eberle, Julien and Miettinen, Markus},
year = {2012},
month = {01},
pages = {},
title = {The mobile data challenge: Big data for mobile computing research. Nokia Research Center}
}

@inproceedings{appmobilebigdata2,
author = {Misra, Rachita and Panda, Bijayalaxmi and Tiwary, Mayank},
title = {Big Data and ICT Applications: A Study},
year = {2016},
isbn = {9781450339629},
publisher = {Association for Computing Machinery},
address = {New York, NY, USA},
doi = {10.1145/2905055.2905099},
booktitle = {Proc. Second International Conference on Information and Communication Technology for Competitive Strategies},
articleno = {41},
numpages = {6},
keywords = {Big data, ICT, Hadoop, HDFS, Big data analytics},
location = {Udaipur, India},
series = {ICTCS ’16}
}
  
@ARTICLE{appmobilebigdata3,  author={A. {Al-Fuqaha} and M. {Guizani} and M. {Mohammadi} and M. {Aledhari} and M. {Ayyash}},  journal={IEEE Communications Surveys   Tutorials},   title={Internet of Things: A Survey on Enabling Technologies, Protocols, and Applications},   year={2015},  volume={17},  number={4},  pages={2347-2376},}

@article{appmobilebigdata4,
  author    = {Mohammad Abu Alsheikh and
               Dusit Niyato and
               Shaowei Lin and
               Hwee{-}Pink Tan and
               Zhu Han},
  title     = {Mobile Big Data Analytics Using Deep Learning and Apache Spark},
  journal   = {CoRR},
  volume    = {abs/1602.07031},
  year      = {2016},
  archivePrefix = {arXiv},
  eprint    = {1602.07031},
  timestamp = {Mon, 13 Aug 2018 16:46:06 +0200},
}

@inproceedings{appconnectedvehicles1,
author = {Datta, Soumya Kanti and Bonnet, Christian and Härri, Jérôme},
year = {2015},
month = {06},
pages = {1-2},
title = {Fog Computing Architecture to Enable Consumer Centric Internet of Things Services},
doi = {10.1109/ISCE.2015.7177778}
}

@INPROCEEDINGS{appsmartgrid1,  author={R. {Mahmud} and R. {Vallakati} and A. {Mukherjee} and P. {Ranganathan} and A. {Nejadpak}},  booktitle={Proc. IEEE International Conference on Electro/Information Technology (EIT)},   title={A survey on smart grid metering infrastructures: Threats and solutions},   year={2015},  volume={},  number={},  pages={386-391},}

@article{appwsn1,
author = {Kułakowski, Paweł and Calle, Eusebi and Marzo, Jose L.},
title = {Performance study of wireless sensor and actuator networks in forest fire scenarios},
journal = {International Journal of Communication Systems},
volume = {26},
number = {4},
pages = {515-529},
year = {2013}
}

@inproceedings{appsdn1,
author = {Shin, Seungwon and Gu, Guofei},
title = {Attacking Software-Defined Networks: A First Feasibility Study},
year = {2013},
booktitle = {Proc. ACM SIGCOMM Workshop on Hot Topics in Software Defined Networking},
pages = {165–166}
}

@article{appoceanmonotoring1,
title = "Mobile Edge Computing: Opportunities, solutions, and challenges",
journal = "Future Generation Computer Systems",
volume = "70",
pages = "59 - 63",
year = "2017",
author = "Ejaz Ahmed and Mubashir Husain Rehmani",
}
  
@ARTICLE{coDeC,  author={F. {Tashtarian} and M. F. {Zhani} and B. {Fatemipour} and D. {Yazdani}},  journal={IEEE Transactions on Network and Service Management},   title={CoDeC: A Cost-Effective and Delay-Aware SFC Deployment},   year={2020},  volume={17},  number={2},  pages={793-806},}

@INPROCEEDINGS{Delay-AwareMulti
,  author={A. {Muhammad} and L. {Qu} and C. {Assi}},  booktitle={Proc. IEEE International Conference on Communications (ICC)},   title={Delay-Aware Multi-Source Multicast Resource optimization in NFV-Enabled Network},   year={2020},  volume={},  number={},  pages={1-7},}

@INPROCEEDINGS{AnEnergy-AwareSFCReconfiguration,  author={S. {Kim} and Y. {Han} and S. {Park}},  booktitle={Proc. IEEE 1st International Workshops on Foundations and Applications of Self* Systems (FAS*W)},   title={An Energy-Aware Service Function Chaining and Reconfiguration Algorithm in NFV},   year={2016},  volume={},  number={},  pages={54-59},}

@INPROCEEDINGS{Environment-AdaptiveRL,  author={M. {Nakanoya} and Y. {Sato} and H. {Shimonishi}},  booktitle={Proc. IFIP/IEEE Symposium on Integrated Network and Service Management (IM)},   title={Environment-Adaptive Sizing and Placement of NFV Service Chains with Accelerated Reinforcement Learning},   year={2019},  volume={},  number={},  pages={36-44},}

@INPROCEEDINGS{OnlineFault-tolerantDRL,  author={W. {Mao} and L. {Wang} and J. {Zhao} and Y. {Xu}},  booktitle={Proc. IFIP Networking Conference},   title={Online Fault-tolerant VNF Chain Placement: A Deep Reinforcement Learning Approach},   year={2020},  volume={},  number={},  pages={163-171},}

@ARTICLE{clocksyn,  author={H. {Kopetz} and W. {Ochsenreiter}},  journal={IEEE Transactions on Computers},   title={Clock Synchronization in Distributed Real-Time Systems},   year={1987},  volume={C-36},  number={8},  pages={933-940},}

@online{networkx,
    author = "NetworkX developers",
    title = "Network Analysis in Python",
    url  = "https://networkx.github.io/",
    keywords = "networkx",
}

@ARTICLE{containerNFV,  author={R. {Cziva} and D. P. {Pezaros}},  journal={IEEE Communications Magazine},   title={Container Network Functions: Bringing NFV to the Network Edge},   year={2017},  volume={55},  number={6},  pages={24-31},}

@INPROCEEDINGS{colocatingService,  author={W. {Chen} and K. {Ye} and C. {Xu}},  booktitle={Proc. IEEE HPCC/SmartCity/DSS},   title={Co-Locating Online Workload and Offline Workload in the Cloud: An Interference Analysis},   year={2019},  volume={},  number={},  pages={2278-2283},}

@INPROCEEDINGS{Parallel-Deep-Reinforcement-Learning,  author={H. {Chai} and J. {Zhang} and Z. {Wang} and J. {Shi} and T. {Huang}},  booktitle={Proc. IEEE 5th International Conference on Computer and Communications (ICCC)},   title={A Parallel Placement Approach for Service Function Chain Using Deep Reinforcement Learning},   year={2019},  volume={},  number={},  pages={2123-2128},}

@ARTICLE{Dynamic-Service-Function-Chain-Embedding-for-NFV-Enabled-IoT-DRL,  author={X. {Fu} and F. R. {Yu} and J. {Wang} and Q. {Qi} and J. {Liao}},  journal={IEEE Transactions on Wireless Communications},   title={Dynamic Service Function Chain Embedding for NFV-Enabled IoT: A Deep Reinforcement Learning Approach},   year={2020},  volume={19},  number={1},  pages={507-519},}

@inproceedings{NFVdeep,
author = {Xiao, Yikai and Zhang, Qixia and Liu, Fangming and Wang, Jia and Zhao, Miao and Zhang, Zhongxing and Zhang, Jiaxing},
title = {NFVdeep: Adaptive Online Service Function Chain Deployment with Deep Reinforcement Learning},
year = {2019},
isbn = {9781450367783},
publisher = {Association for Computing Machinery},
address = {New York, NY, USA},
doi = {10.1145/3326285.3329056},
booktitle = {Proc. International Symposium on Quality of Service},
articleno = {21},
numpages = {10},
keywords = {network function virtualization (NFV), deep reinforcement learning, service function chain, QoS-aware resource management},
location = {Phoenix, Arizona},
series = {IWQoS '19}
}

@misc{RLCellularnetwork,
    title={Using Reinforcement Learning to Allocate and Manage Service Function Chains in Cellular Networks},
    author={Guto Leoni Santos and Patricia Takako Endo},
    year={2020},
    eprint={2006.07349},
    archivePrefix={arXiv},
    primaryClass={cs.NI}
}

@inbook{C^2MAB,
author = {Qin, Lijing and Chen, Shouyuan and Zhu, Xiaoyan},
year = {2014},
month = {04},
pages = {461-469},
title = {Contextual Combinatorial Bandit and its Application on Diversified Online Recommendation},
isbn = {978-1-61197-344-0},
doi = {10.1137/1.9781611973440.53}
}

@ARTICLE{QuantummachinelearningSFCMEC,  author={Y. {Liu} and H. {Lu} and X. {Li} and D. {Zhao} and W. {Wu} and G. {Lu}},  journal={IEEE Communications Letters},   title={A Novel Approach for Service Function Chain Dynamic Orchestration in Edge Clouds},   year={2020},  volume={},  number={},  pages={1-1},}

@inproceedings{taskoffloadingMAB5G,
author = {Zhang, Xueying and Zhou, Ruiting and Zhou, Zhi and Lui, John C.S. C.S. and Li, Zongpeng},
title = {An Online Learning-Based Task Offloading Framework for 5G Small Cell Networks},
year = {2020},
isbn = {9781450388160},
publisher = {Association for Computing Machinery},
address = {New York, NY, USA},
doi = {10.1145/3404397.3404417},
booktitle = {Proc. 49th International Conference on Parallel Processing - ICPP},
articleno = {29},
numpages = {11},
keywords = {Online Learning, Task Offloading, 5G Network},
location = {Edmonton, AB, Canada},
series = {ICPP '20}
}

@INPROCEEDINGS{MABtaskoffloadingMEC,  author={B. {Wu} and T. {Chen} and X. {Wang}},  booktitle={Proc. IEEE International Conference on Communications (ICC)},   title={An MAB Approach for MEC-centric Task-offloading Control in Multi-RAT HetNets},   year={2020},  volume={},  number={},  pages={1-6},}

@article{taskoffloadinggametheoryMEC,
title = "The partial computation offloading strategy based on game theory for multi-user in mobile edge computing environment",
journal = "Computer Networks",
volume = "178",
pages = "107334",
year = "2020",
issn = "1389-1286",
doi = "https://doi.org/10.1016/j.comnet.2020.107334",
author = "Shuchen Zhou and Waqas Jadoon",
}

@INPROCEEDINGS{NovelApproachMultipleSFC,  author={A. {Zamani} and S. {Sharifian}},  booktitle={Proc. 4th Iranian Conference on Signal Processing and Intelligent Systems (ICSPIS)},   title={A Novel Approach for Service Function Chain (SFC) Mapping with Multiple SFC instances in a Fog-To-Cloud Computing System},   year={2018},  volume={},  number={},  pages={48-52},}

@article{nguyen2020joint,
  title={Joint Computation Offloading, SFC Placement, and Resource Allocation for Multi-Site MEC Systems},
  author={Nguyen, Phuong-Duy and Le, Long Bao},
  journal={arXiv preprint arXiv:2003.12671},
  year={2020}
}

@INPROCEEDINGS{SFCsettingsapp,  author={M. {Savi} and M. {Tornatore} and G. {Verticale}},  booktitle={Proc. IEEE Conference on Network Function Virtualization and Software Defined Network (NFV-SDN)},   title={Impact of processing costs on service chain placement in network functions virtualization},   year={2015},  volume={},  number={},  pages={191-197},}

@ARTICLE{SFCrequestsetting,  author={J. {Kwak} and Y. {Kim} and J. {Lee} and S. {Chong}},  journal={IEEE Journal on Selected Areas in Communications},   title={DREAM: Dynamic Resource and Task Allocation for Energy Minimization in Mobile Cloud Systems},   year={2015},  volume={33},  number={12},  pages={2510-2523},}

@article{mininetwifiMECsimulation,
  title={Simulation of mobile edge-cloud applications using Mininet-WiFi},
  author={Castanheira, Tiago Miguel Alves},
  year={2018}
}

@INPROCEEDINGS{latency-awareResourceReuse,  author={P. {Jin} and X. {Fei} and Q. {Zhang} and F. {Liu} and B. {Li}},  booktitle={Proc. IEEE INFOCOM},   title={Latency-aware VNF Chain Deployment with Efficient Resource Reuse at Network Edge},   year={2020},  volume={},  number={},  pages={267-276},}

@INPROCEEDINGS{SDNTimeSyn,  author={M. -T. {Thi} and S. {Ben Hadj Said} and M. {Boc}},  booktitle={Proc. 25th IEEE International Conference on Emerging Technologies and Factory Automation (ETFA)},   title={SDN-Based Management Solution for Time Synchronization in TSN Networks},   year={2020},  volume={1},  number={},  pages={361-368},}

@INPROCEEDINGS{MECwhitepaper,  author={M. {Patel} et al},  booktitle={White paper, Mobile-Edge Computing (MEC) Industry Initiative},   title={Mobile-edge computing—Introductory technical
white paper},   year={2014}}

@book{IntroductiontoAlgorithm,
    author    = "C. E. Leiserson, R. L. Rivest, T. H. Cormen, and C. Stein",
    title     = "Introduction to algorithms.",
    year      = "2001",
    publisher = "MIT press",
    address   = "Cambridge, MA",
    volume = {1}
}

@misc{xie2016service,
      title={Service Function Chaining Resource Allocation: A Survey}, 
      author={Yanghao Xie and Zhixiang Liu and Sheng Wang and Yuxiu Wang},
      year={2016},
      eprint={1608.00095},
      archivePrefix={arXiv},
      primaryClass={cs.NI}
}

@article{MECsurvey,
author = {Mao, Yuyi and You, Changsheng and Zhang, Jun and Huang, Kaibin and Letaief, Khaled},
year = {2017},
month = {01},
pages = {},
title = {Mobile Edge Computing: Survey and Research Outlook}
}

@inproceedings{networkxpaper,
author = {Hagberg, Aric and Swart, Pieter and Chult, Daniel},
year = {2008},
month = {01},
pages = {},
title = {Exploring Network Structure, Dynamics, and Function Using NetworkX},
journal = {Proceedings of the 7th Python in Science Conference}
}

@INPROCEEDINGS{miniwifipaper,  author={R. R. {Fontes} and S. {Afzal} and S. H. B. {Brito} and M. A. S. {Santos} and C. E. {Rothenberg}},  booktitle={2015 11th International Conference on Network and Service Management (CNSM)},   title={Mininet-WiFi: Emulating software-defined wireless networks},   year={2015},  volume={},  number={},  pages={384-389},  doi={10.1109/CNSM.2015.7367387}}

@misc{team2012mininet,
  title={Mininet An Instant Virtual Network on your Laptop (or other PC)},
  author={Team, Mininet},
  year={2012}
}

@article{abdelwahab2015replisom,
  title={Replisom: Disciplined tiny memory replication for massive iot devices in lte edge cloud},
  author={Abdelwahab, Sherif and Hamdaoui, Bechir and Guizani, Mohsen and Znati, Taieb},
  journal={IEEE Internet of Things Journal},
  volume={3},
  number={3},
  pages={327--338},
  year={2015},
  publisher={IEEE}
}

@inproceedings{nunna2015enabling,
  title={Enabling real-time context-aware collaboration through 5G and mobile edge computing},
  author={Nunna, Swaroop and Kousaridas, Apostolos and Ibrahim, Mohamed and Dillinger, Markus and Thuemmler, Christoph and Feussner, Hubertus and Schneider, Armin},
  booktitle={2015 12th International Conference on Information Technology-New Generations},
  pages={601--605},
  year={2015},
  organization={IEEE}
}

@article{kumar2016vehicular,
  title={Vehicular delay-tolerant networks for smart grid data management using mobile edge computing},
  author={Kumar, Neeraj and Zeadally, Sherali and Rodrigues, Joel JPC},
  journal={IEEE Communications Magazine},
  volume={54},
  number={10},
  pages={60--66},
  year={2016},
  publisher={IEEE}
}

@inproceedings{jararweh2016sdmec,
  title={SDMEC: Software defined system for mobile edge computing},
  author={Jararweh, Yaser and Doulat, Ahmad and Darabseh, Ala and Alsmirat, Mohammad and Al-Ayyoub, Mahmoud and Benkhelifa, Elhadj},
  booktitle={2016 IEEE International Conference on Cloud Engineering Workshop (IC2EW)},
  pages={88--93},
  year={2016},
  organization={IEEE}
}

@inproceedings{gao2014opportunistic,
  title={Opportunistic peer-to-peer mobile cloud computing at the tactical edge},
  author={Gao, Wei},
  booktitle={2014 IEEE Military Communications Conference},
  pages={1614--1620},
  year={2014},
  organization={IEEE}
}

@inproceedings{beck2015me,
  title={ME-VoLTE: Network functions for energy-efficient video transcoding at the mobile edge},
  author={Beck, Michael Till and Feld, Sebastian and Fichtner, Andreas and Linnhoff-Popien, Claudia and Schimper, Thomas},
  booktitle={2015 18th International Conference on Intelligence in Next Generation Networks},
  pages={38--44},
  year={2015},
  organization={IEEE}
}

@article{ma2013mobile,
  title={When mobile terminals meet the cloud: computation offloading as the bridge},
  author={Ma, Xiaoqiang and Zhao, Yuan and Zhang, Lei and Wang, Haiyang and Peng, Limei},
  journal={IEEE Network},
  volume={27},
  number={5},
  pages={28--33},
  year={2013},
  publisher={IEEE}
}

@inproceedings{takahashi2015analysis,
  title={Analysis of process assignment in multi-tier mobile cloud computing and application to edge accelerated web browsing},
  author={Takahashi, Noriyuki and Tanaka, Hiroyuki and Kawamura, Ryutaro},
  booktitle={2015 3rd IEEE International Conference on Mobile Cloud Computing, Services, and Engineering},
  pages={233--234},
  year={2015},
  organization={IEEE}
}

@article{chen2015efficient,
  title={Efficient multi-user computation offloading for mobile-edge cloud computing},
  author={Chen, Xu and Jiao, Lei and Li, Wenzhong and Fu, Xiaoming},
  journal={IEEE/ACM Transactions on Networking},
  volume={24},
  number={5},
  pages={2795--2808},
  year={2015},
  publisher={IEEE}
}

@article{sardellitti2015joint,
  title={Joint optimization of radio and computational resources for multicell mobile-edge computing},
  author={Sardellitti, Stefania and Scutari, Gesualdo and Barbarossa, Sergio},
  journal={IEEE Transactions on Signal and Information Processing over Networks},
  volume={1},
  number={2},
  pages={89--103},
  year={2015},
  publisher={IEEE}
}

@article{hoi2018online,
  title={Online learning: A comprehensive survey},
  author={Hoi, Steven CH and Sahoo, Doyen and Lu, Jing and Zhao, Peilin},
  journal={arXiv preprint arXiv:1802.02871},
  year={2018}
}

@book{sutton1998introduction,
  title={Introduction to reinforcement learning},
  author={Sutton, Richard S and Barto, Andrew G and others},
  volume={135},
  year={1998},
  publisher={MIT press Cambridge}
}

@article{bettstetter2004stochastic,
  title={Stochastic properties of the random waypoint mobility model},
  author={Bettstetter, Christian and Hartenstein, Hannes and P{\'e}rez-Costa, Xavier},
  journal={Wireless Networks},
  volume={10},
  number={5},
  pages={555--567},
  year={2004},
  publisher={Springer}
}

@article{herrera2016resource,
  title={Resource allocation in NFV: A comprehensive survey},
  author={Herrera, Juliver Gil and Botero, Juan Felipe},
  journal={IEEE Transactions on Network and Service Management},
  volume={13},
  number={3},
  pages={518--532},
  year={2016},
  publisher={IEEE}
}

@article{medhat2016service,
  title={Service function chaining in next generation networks: State of the art and research challenges},
  author={Medhat, Ahmed M and Taleb, Tarik and Elmangoush, Asma and Carella, Giuseppe A and Covaci, Stefan and Magedanz, Thomas},
  journal={IEEE Communications Magazine},
  volume={55},
  number={2},
  pages={216--223},
  year={2016},
  publisher={IEEE}
}

@inproceedings{soyata2012cloud,
	title={Cloud-vision: Real-time face recognition using a mobile-cloudlet-cloud acceleration architecture},
	author={Soyata, Tolga and Muraleedharan, Rajani and Funai, Colin and Kwon, Minseok and Heinzelman, Wendi},
	booktitle={Proc. 2012 IEEE symposium on computers and communications (ISCC)},
	pages={000059--000066},
	year={2012},
	organization={IEEE}
}

@article{patel2014mobile,
	title={Mobile-edge computing introductory technical white paper},
	author={Patel, Milan and Naughton, Brian and Chan, Caroline and Sprecher, Nurit and Abeta, Sadayuki and Neal, Adrian and others},
	journal={White paper, mobile-edge computing (MEC) industry initiative},
	pages={1089--7801},
	year={2014}
}

@article{yang2019delay,
	title={Delay-Aware Virtual Network Function Placement and Routing in Edge Clouds},
	author={Yang, Song and Li, Fan and Trajanovski, Stojan and Chen, Xu and Wang, Yu and Fu, Xiaoming},
	journal={IEEE Transactions on Mobile Computing},
	year={2019},
	publisher={IEEE}
}

@article{xu2020nfv,
	title={NFV-Enabled IoT Service Provisioning in Mobile Edge Clouds},
	author={Xu, Zichuan and Gong, Wanli and Xia, Qiufen and Liang, Weifa and Rana, Omer and Wu, Guowei},
	journal={IEEE Transactions on Mobile Computing},
	year={2020},
	publisher={IEEE}
}

@article{chen2019framework,
	title={A framework for adaptive residual streaming for single-player cloud gaming},
	author={Chen, De-Yu and El-Zarki, Magda},
	journal={ACM Transactions on Multimedia Computing, Communications, and Applications (TOMM)},
	volume={15},
	number={2},
	pages={1--23},
	year={2019},
	publisher={ACM New York, NY, USA}
}

@inproceedings{mec_wp,
	author={YunChao Hu and Milan Patel and Dario Sabella and Nurit Sprecher and Valerie Young},
	title={Mobile edge computing: A key technology towards 5G},
	booktitle={ETSI White paper},
	year={2015}
}

@article{forecast2019cisco,
  title={Cisco visual networking index: global mobile data traffic forecast update, 2017--2022},
  author={Forecast, GMDT},
  journal={Update},
  volume={2017},
  pages={2022},
  year={2019}
}

@ARTICLE{CloudTrans_2020,
	author={P. {Ren} and X. {Qiao} and Y. {Huang} and others},
	journal={IEEE Trans. Cloud Comput.}, 
	title={Edge AR X5: An Edge-Assisted Multi-User Collaborative Framework for Mobile Web Augmented Reality in 5G and Beyond}, 
	year={2020},
	volume={},
	number={},
	pages={1-1}
}

@ARTICLE{6G_beyond,
	author={I. F. {Akyildiz} and A. {Kak} and S. {Nie}},
	journal={IEEE Access}, 
	title={6G and Beyond: The Future of Wireless Communications Systems}, 
	year={2020},
	volume={8},
	number={},
	pages={133995-134030}
}

@ARTICLE{TNSM_2021,
	author={N. {Akhtar} and I. {Matta} and A. {Raza} and others},
	journal={IEEE Trans. Netw. Service Manag.}, 
	title={Managing Chains of Application Functions over Multi-Technology Edge Networks}, 
	year={2021},
	volume={},
	number={},
	pages={1-1}
}